@misc{skripta,
	title={Istraživanje podataka},
	note = {on line at: \url{http://nikolaajzenhamer.rs/pdf/ip-skripta.pdf}}},
	author={Anja Bukurov, Nikola Ajzenhamer, Vojislav Stanković},
	year={2017}
}

@book{aggarwal,
  title={Data Mining: The Textbook},
  author={C. C. Aggarwal},
  year={2015},
  publisher={Springer International Publishing Switzerland}
}


@book{cluto,
  title={CLUTO},
  author={George Karypis},
  note = {on line at: \url{https://www.cs.umn.edu/sites/cs.umn.edu/files/tech_reports/02-017.pdf}},
  year={2002}
}

@misc{k-means,
	title={K-means clustering},
	note = {on line at: \url{https://en.wikipedia.org/wiki/K-means_clustering}}},
	year={2019}
}

@book{som,
  title={Introduction to Data Mining},
  author={Michael Steinbach and Pang ning Tan and Vipin Kumar},
  note = {on line at: \url{https://www.cs.umn.edu/sites/cs.umn.edu/files/tech_reports/02-017.pdf}},
  year={2005}
}

@misc{som1,
	title={Anomaly Detection Using Self-Organizing Maps-Based K-Nearest Neighbor Algorithm},
	author={Jing Tian and Michael H. Azarian and Michael Pecht},
	note = {on line at: \url{https://pdfs.semanticscholar.org/0cfc/ffcf796f0f2f2be202222a07584c9474541c.pdf}},
	year={2014}
}

@misc{elbow,
	title={Elbow Method},
	note = {on line at: \url{https://www.scikit-yb.org/en/latest/api/cluster/elbow.html}},
}


@misc{silhouette,
	title={Silhouette Method},
	note = {on line at: \url{https://scikit-learn.org/stable/modules/generated/sklearn.metrics.silhouette_score.html}},
}










